%YAML 1.1
%TAG !u! tag:unity3d.com,2011:
--- !u!1 &87265006453117944
GameObject:
  m_ObjectHideFlags: 0
  m_CorrespondingSourceObject: {fileID: 0}
  m_PrefabInstance: {fileID: 0}
  m_PrefabAsset: {fileID: 0}
  serializedVersion: 6
  m_Component:
  - component: {fileID: 87265006453117945}
  - component: {fileID: 87265006453117927}
  - component: {fileID: 87265006453117926}
  m_Layer: 0
  m_Name: Shield
  m_TagString: Untagged
  m_Icon: {fileID: 0}
  m_NavMeshLayer: 0
  m_StaticEditorFlags: 0
  m_IsActive: 1
--- !u!4 &87265006453117945
Transform:
  m_ObjectHideFlags: 0
  m_CorrespondingSourceObject: {fileID: 0}
  m_PrefabInstance: {fileID: 0}
  m_PrefabAsset: {fileID: 0}
  m_GameObject: {fileID: 87265006453117944}
  m_LocalRotation: {x: -0, y: -0, z: -0, w: 1}
  m_LocalPosition: {x: -3.23, y: 0.13, z: 11.51}
  m_LocalScale: {x: 1, y: 1, z: 1}
  m_Children:
  - {fileID: 3332988419763931201}
  m_Father: {fileID: 0}
  m_RootOrder: 0
  m_LocalEulerAnglesHint: {x: 0, y: 0, z: 0}
--- !u!114 &87265006453117927
MonoBehaviour:
  m_ObjectHideFlags: 0
  m_CorrespondingSourceObject: {fileID: 0}
  m_PrefabInstance: {fileID: 0}
  m_PrefabAsset: {fileID: 0}
  m_GameObject: {fileID: 87265006453117944}
  m_Enabled: 1
  m_EditorHideFlags: 0
  m_Script: {fileID: 11500000, guid: 29b0baf49d9e2c144977139d69dc907b, type: 3}
  m_Name: 
  m_EditorClassIdentifier: 
  radius: 0.82
  interactionTransform: {fileID: 87265006453117945}
  item: {fileID: 11400000, guid: 591660c84f099e64bb1239f4e560701c, type: 2}
--- !u!65 &87265006453117926
BoxCollider:
  m_ObjectHideFlags: 0
  m_CorrespondingSourceObject: {fileID: 0}
  m_PrefabInstance: {fileID: 0}
  m_PrefabAsset: {fileID: 0}
  m_GameObject: {fileID: 87265006453117944}
  m_Material: {fileID: 0}
  m_IsTrigger: 0
  m_Enabled: 1
  serializedVersion: 2
  m_Size: {x: 0.65, y: 0.6, z: 0.7}
  m_Center: {x: 0, y: 0, z: 0}
--- !u!1001 &1996517223861287291
PrefabInstance:
  m_ObjectHideFlags: 0
  serializedVersion: 2
  m_Modification:
    m_TransformParent: {fileID: 87265006453117945}
    m_Modifications:
    - target: {fileID: 3887779216501107994, guid: 0235dd855108b8244a70b433e4e239a7,
        type: 3}
      propertyPath: m_Name
      value: Shield
      objectReference: {fileID: 0}
    - target: {fileID: 3887779216501403962, guid: 0235dd855108b8244a70b433e4e239a7,
        type: 3}
      propertyPath: m_LocalPosition.x
      value: -0.06
      objectReference: {fileID: 0}
    - target: {fileID: 3887779216501403962, guid: 0235dd855108b8244a70b433e4e239a7,
        type: 3}
      propertyPath: m_LocalPosition.y
      value: -0.1
      objectReference: {fileID: 0}
    - target: {fileID: 3887779216501403962, guid: 0235dd855108b8244a70b433e4e239a7,
        type: 3}
      propertyPath: m_LocalPosition.z
      value: 0.15
      objectReference: {fileID: 0}
    - target: {fileID: 3887779216501403962, guid: 0235dd855108b8244a70b433e4e239a7,
        type: 3}
      propertyPath: m_LocalRotation.x
      value: 0.940008
      objectReference: {fileID: 0}
    - target: {fileID: 3887779216501403962, guid: 0235dd855108b8244a70b433e4e239a7,
        type: 3}
      propertyPath: m_LocalRotation.y
      value: 0.023818433
      objectReference: {fileID: 0}
    - target: {fileID: 3887779216501403962, guid: 0235dd855108b8244a70b433e4e239a7,
        type: 3}
      propertyPath: m_LocalRotation.z
      value: 0.33363798
      objectReference: {fileID: 0}
    - target: {fileID: 3887779216501403962, guid: 0235dd855108b8244a70b433e4e239a7,
        type: 3}
      propertyPath: m_LocalRotation.w
      value: -0.06710714
      objectReference: {fileID: 0}
    - target: {fileID: 3887779216501403962, guid: 0235dd855108b8244a70b433e4e239a7,
        type: 3}
      propertyPath: m_RootOrder
      value: 0
      objectReference: {fileID: 0}
    - target: {fileID: 3887779216501403962, guid: 0235dd855108b8244a70b433e4e239a7,
        type: 3}
      propertyPath: m_LocalEulerAnglesHint.x
      value: 188.167
      objectReference: {fileID: 0}
    - target: {fileID: 3887779216501403962, guid: 0235dd855108b8244a70b433e4e239a7,
        type: 3}
      propertyPath: m_LocalEulerAnglesHint.y
      value: -39.083008
      objectReference: {fileID: 0}
    - target: {fileID: 3887779216501403962, guid: 0235dd855108b8244a70b433e4e239a7,
        type: 3}
      propertyPath: m_LocalEulerAnglesHint.z
      value: 0
      objectReference: {fileID: 0}
    m_RemovedComponents: []
  m_SourcePrefab: {fileID: 100100000, guid: 0235dd855108b8244a70b433e4e239a7, type: 3}
--- !u!4 &3332988419763931201 stripped
Transform:
  m_CorrespondingSourceObject: {fileID: 3887779216501403962, guid: 0235dd855108b8244a70b433e4e239a7,
    type: 3}
  m_PrefabInstance: {fileID: 1996517223861287291}
  m_PrefabAsset: {fileID: 0}
