%YAML 1.1
%TAG !u! tag:unity3d.com,2011:
--- !u!1 &3145243776008041259
GameObject:
  m_ObjectHideFlags: 0
  m_CorrespondingSourceObject: {fileID: 0}
  m_PrefabInstance: {fileID: 0}
  m_PrefabAsset: {fileID: 0}
  serializedVersion: 6
  m_Component:
  - component: {fileID: 3145243776008040656}
  - component: {fileID: 3145243776008041261}
  - component: {fileID: 3145243776008041260}
  m_Layer: 0
  m_Name: Helmet
  m_TagString: Untagged
  m_Icon: {fileID: 0}
  m_NavMeshLayer: 0
  m_StaticEditorFlags: 0
  m_IsActive: 1
--- !u!4 &3145243776008040656
Transform:
  m_ObjectHideFlags: 0
  m_CorrespondingSourceObject: {fileID: 0}
  m_PrefabInstance: {fileID: 0}
  m_PrefabAsset: {fileID: 0}
  m_GameObject: {fileID: 3145243776008041259}
  m_LocalRotation: {x: -0, y: -0, z: -0, w: 1}
  m_LocalPosition: {x: -2.42, y: -0.22, z: 1.39}
  m_LocalScale: {x: 1, y: 1, z: 1}
  m_Children:
  - {fileID: 2582064164802147249}
  m_Father: {fileID: 0}
  m_RootOrder: 0
  m_LocalEulerAnglesHint: {x: 0, y: 0, z: 0}
--- !u!114 &3145243776008041261
MonoBehaviour:
  m_ObjectHideFlags: 0
  m_CorrespondingSourceObject: {fileID: 0}
  m_PrefabInstance: {fileID: 0}
  m_PrefabAsset: {fileID: 0}
  m_GameObject: {fileID: 3145243776008041259}
  m_Enabled: 1
  m_EditorHideFlags: 0
  m_Script: {fileID: 11500000, guid: 29b0baf49d9e2c144977139d69dc907b, type: 3}
  m_Name: 
  m_EditorClassIdentifier: 
  radius: 0.82
  interactionTransform: {fileID: 3145243776008040656}
  item: {fileID: 11400000, guid: 0af0a418b2b74af468263d824a6fb10c, type: 2}
--- !u!65 &3145243776008041260
BoxCollider:
  m_ObjectHideFlags: 0
  m_CorrespondingSourceObject: {fileID: 0}
  m_PrefabInstance: {fileID: 0}
  m_PrefabAsset: {fileID: 0}
  m_GameObject: {fileID: 3145243776008041259}
  m_Material: {fileID: 0}
  m_IsTrigger: 0
  m_Enabled: 1
  serializedVersion: 2
  m_Size: {x: 0.4, y: 0.3, z: 0.45}
  m_Center: {x: 0, y: 0, z: 0}
--- !u!1001 &3145243776217819803
PrefabInstance:
  m_ObjectHideFlags: 0
  serializedVersion: 2
  m_Modification:
    m_TransformParent: {fileID: 3145243776008040656}
    m_Modifications:
    - target: {fileID: 6506296633945136085, guid: fbb648f71b2f0604aba88f7834a0a9c1,
        type: 3}
      propertyPath: m_Name
      value: Helmet
      objectReference: {fileID: 0}
    - target: {fileID: 608956963135723818, guid: fbb648f71b2f0604aba88f7834a0a9c1,
        type: 3}
      propertyPath: m_LocalPosition.x
      value: 0
      objectReference: {fileID: 0}
    - target: {fileID: 608956963135723818, guid: fbb648f71b2f0604aba88f7834a0a9c1,
        type: 3}
      propertyPath: m_LocalPosition.y
      value: -0.03
      objectReference: {fileID: 0}
    - target: {fileID: 608956963135723818, guid: fbb648f71b2f0604aba88f7834a0a9c1,
        type: 3}
      propertyPath: m_LocalPosition.z
      value: -0.01
      objectReference: {fileID: 0}
    - target: {fileID: 608956963135723818, guid: fbb648f71b2f0604aba88f7834a0a9c1,
        type: 3}
      propertyPath: m_LocalRotation.x
      value: -0.74402666
      objectReference: {fileID: 0}
    - target: {fileID: 608956963135723818, guid: fbb648f71b2f0604aba88f7834a0a9c1,
        type: 3}
      propertyPath: m_LocalRotation.y
      value: -0
      objectReference: {fileID: 0}
    - target: {fileID: 608956963135723818, guid: fbb648f71b2f0604aba88f7834a0a9c1,
        type: 3}
      propertyPath: m_LocalRotation.z
      value: -0
      objectReference: {fileID: 0}
    - target: {fileID: 608956963135723818, guid: fbb648f71b2f0604aba88f7834a0a9c1,
        type: 3}
      propertyPath: m_LocalRotation.w
      value: 0.66814995
      objectReference: {fileID: 0}
    - target: {fileID: 608956963135723818, guid: fbb648f71b2f0604aba88f7834a0a9c1,
        type: 3}
      propertyPath: m_RootOrder
      value: 0
      objectReference: {fileID: 0}
    - target: {fileID: 608956963135723818, guid: fbb648f71b2f0604aba88f7834a0a9c1,
        type: 3}
      propertyPath: m_LocalEulerAnglesHint.x
      value: -96.15099
      objectReference: {fileID: 0}
    - target: {fileID: 608956963135723818, guid: fbb648f71b2f0604aba88f7834a0a9c1,
        type: 3}
      propertyPath: m_LocalEulerAnglesHint.y
      value: 0
      objectReference: {fileID: 0}
    - target: {fileID: 608956963135723818, guid: fbb648f71b2f0604aba88f7834a0a9c1,
        type: 3}
      propertyPath: m_LocalEulerAnglesHint.z
      value: 0
      objectReference: {fileID: 0}
    m_RemovedComponents: []
  m_SourcePrefab: {fileID: 100100000, guid: fbb648f71b2f0604aba88f7834a0a9c1, type: 3}
--- !u!4 &2582064164802147249 stripped
Transform:
  m_CorrespondingSourceObject: {fileID: 608956963135723818, guid: fbb648f71b2f0604aba88f7834a0a9c1,
    type: 3}
  m_PrefabInstance: {fileID: 3145243776217819803}
  m_PrefabAsset: {fileID: 0}
